@article{sql,
  author = "C.J. Date",
  title = "Some Principles of Good Language Design",
  year = 1984
}
